@misc{techReport,
  title = "{C}oncise {R}eport on the {A}lgorithms in {S}im",
  author = "{D}ick {G}rune",
  howpublished = {\url{https://dickgrune.com/Programs/similarity_tester/TechnReport}},
  note = {Accessed: 2019-10-18}
}

@misc{ABRLibraries,
  title = "{ABR} {H}askell {L}ibraries",
  author = "{A}ndrew {R}ock",
  howpublished = {\url{https://www.ict.griffith.edu.au/arock/ABRHLibs/doc/ABRHLibs.pdf}},
  note = {Accessed: 2019-10-18}
}
